<?xml version="1.0" encoding="UTF-8"?>
<record xmlns="http://www.loc.gov/MARC21/slim">
   <leader>01249cam a2200277Mi 4500</leader>
   <controlfield tag="001">2910568</controlfield>
   <controlfield tag="003">NjP</controlfield>
   <controlfield tag="005">20171102171816.0</controlfield>
   <controlfield tag="008">870401s1966    iq b     b    000 0 ara d</controlfield>
   <datafield tag="024" ind1="7" ind2=" ">
      <subfield code="a">princeton_aco003780</subfield>
      <subfield code="2">local</subfield>
   </datafield>
   <datafield ind1=" " ind2=" " tag="035">
      <subfield code="a">(OCoLC)ocm17213280</subfield>
   </datafield>
   <datafield ind1=" " ind2=" " tag="035">
      <subfield code="9">CPD4910TS</subfield>
   </datafield>
   <datafield ind1=" " ind2=" " tag="040">
      <subfield code="a">NYP</subfield>
      <subfield code="c">NYP</subfield>
      <subfield code="d">PUL</subfield>
   </datafield>
   <datafield ind1=" " ind2=" " tag="043">
      <subfield code="a">e-ur-aj</subfield>
   </datafield>
   <datafield ind1="1" ind2=" " tag="100">
      <subfield code="a">ʻAzīz, Ḥusayn Qāsim.</subfield>
   </datafield>
   <datafield ind1="1" ind2="3" tag="245">
      <subfield code="a">al-Bābakīyah :</subfield>
      <subfield code="b">aw intifāḍat al-shaʻb al-Adharbījānī ḍidd al-Khilāfah al-ʻAbbāsīyah /</subfield>
      <subfield code="c">Ḥusayn Qāsim al-ʻAzīz.</subfield>
   </datafield>
   <datafield ind1=" " ind2=" " tag="260">
      <subfield code="a">Baghdād :</subfield>
      <subfield code="b">Maktabat al-Nahḍah,</subfield>
      <subfield code="c">1966.</subfield>
   </datafield>
   <datafield ind1=" " ind2=" " tag="300">
      <subfield code="a">349 p. :</subfield>
      <subfield code="b">col. maps (some folded) ;</subfield>
      <subfield code="c">24 cm.</subfield>
   </datafield>
   <datafield ind1=" " ind2=" " tag="500">
      <subfield code="a">In Arabic.</subfield>
   </datafield>
   <datafield ind1=" " ind2=" " tag="500">
      <subfield code="a">Added t.p.: Babekity -- vosstanie azerbaĭdzhanskogo naroda protiv abbasidskogo khalifata.</subfield>
   </datafield>
   <datafield ind1=" " ind2=" " tag="500">
      <subfield code="a">Risālah li-nayl al-duktūrāh min Jāmiʻat Mūskū, ʻām 1966.</subfield>
   </datafield>
   <datafield ind1=" " ind2=" " tag="504">
      <subfield code="a">Bibliography: p. 322-[342]</subfield>
   </datafield>
   <datafield ind1="0" ind2="0" tag="600">
      <subfield code="a">Bābak Khurramʹdīn,</subfield>
      <subfield code="d">d. 838</subfield>
      <subfield code="0">http://id.loc.gov/authorities/names/no96041835</subfield>
   </datafield>
   <datafield ind1=" " ind2="0" tag="651">
      <subfield code="a">Azerbaijan</subfield>
      <subfield code="x">History.</subfield>
      <subfield code="0">http://id.loc.gov/authorities/subjects/sh86005374</subfield>
   </datafield>
   <datafield ind1=" " ind2="0" tag="650">
      <subfield code="a">Abbasids.</subfield>
      <subfield code="0">http://id.loc.gov/authorities/subjects/sh85000061</subfield>
   </datafield>
   <datafield ind1="0" ind2=" " tag="740">
      <subfield code="a">Babekity -- vosstamie azerbaĭdzhanskogo naroda protiv abbasidskogo khalifata.</subfield>
   </datafield>
   <datafield ind1=" " ind2=" " tag="945">
      <subfield code="a">ARAB</subfield>
      <subfield code="b">1</subfield>
      <subfield code="c">DS76.4</subfield>
      <subfield code="d">.xA9</subfield>
   </datafield>
   <datafield ind1=" " ind2=" " tag="911">
      <subfield code="a">20000402</subfield>
   </datafield>
   <datafield ind1="0" ind2="0" tag="852">
      <subfield code="0">3224901</subfield>
      <subfield code="b">rcppa</subfield>
      <subfield code="t">1</subfield>
      <subfield code="h">DS76.4</subfield>
      <subfield code="i">.xA9</subfield>
      <subfield code="x">tr fr arab</subfield>
   </datafield>
   <datafield ind1=" " ind2=" " tag="959">
      <subfield code="a">2000-06-13 00:00:00 -0400</subfield>
   </datafield>
</record>
